@Book{hortsman,
  author    = {Хорстманн Кей},
  publisher = {М.: Диалектика},
  title     = {Java. Библиотека профессионала. Том 1. Основы},
  year      = {2019},
  pages     = {864},
}

@Book{shild,
  author    = {Герберт Шилдт},
  publisher = {Вильямс},
  title     = {Java 8. Полное руководство. Деcятое издание},
  year      = {2018},
}

@Comment{jabref-meta: databaseType:bibtex;}
