% This file was created with JabRef 2.9.2.
% Encoding: UTF8

@Book{horstmann,
    author = {Хорстманн Кей},
    title = { Java. Библиотека профессионала. Том 1. Основы},
    publisher = {М.: Диалектика},
    year = {2019},
	pages = {864},
}


@BOOK{shild,
	title = {Java 8. Полное руководство. Деcятое издание.},
	publisher = {Вильямс},
	year = {2018},
	author = {Герберт Шилдт},
	pages = {1488},
}

@BOOK{siera,
	title = {Изучаем Java},
	publisher = {Эксмо},
	year = {2012},
	author = {К. Сьерра},
	pages = {708},
}

@BOOK{monax,
	title = {Язык программирования Java и среда NetBeans. 2-е издание.},
	publisher = {BHV-СПб},
	year = {2009},
	author = {В. Монахов},
	pages = {702},
}

@BOOK{evans,
	title = {Java. Справочник разработчика},
	publisher = {Вильямс},
	year = {2019},
	author = {Бенджамин Дж. Эванс, Дэвид Флэнаган},
	pages = {592},
}


@comment{jabref-meta: selector_publisher:}

@comment{jabref-meta: selector_author:}

@comment{jabref-meta: selector_journal:}

@comment{jabref-meta: selector_keywords:}



